%% This BibTeX bibliography file was created using BibDesk.
%% http://bibdesk.sourceforge.net/

%% Created for Giang Nguyen at 2019-02-14 17:17:47 +0100 


%% Saved with string encoding Unicode (UTF-8) 


@comment{jabref-meta: databaseType:bibtex;}



@article{mahdavi2018opposition,
	Author = {Mahdavi, Sedigheh and Rahnamayan, Shahryar and Deb, Kalyanmoy},
	Date-Added = {2019-02-09 10:32:41 +0100},
	Date-Modified = {2019-02-09 10:32:41 +0100},
	Journal = {Swarm and evolutionary computation},
	Pages = {1--23},
	Publisher = {Elsevier},
	Title = {Opposition based learning: A literature review},
	Volume = {39},
	Year = {2018}}

@article{kajitani2005forecasting,
	Author = {Kajitani, Yoshio and Hipel, Keith W and McLeod, A Ian},
	Date-Added = {2019-02-08 23:22:26 +0100},
	Date-Modified = {2019-02-08 23:22:26 +0100},
	Journal = {Journal of Forecasting},
	Number = {2},
	Pages = {105--117},
	Publisher = {Wiley Online Library},
	Title = {Forecasting nonlinear time series with feed-forward neural networks: a case study of Canadian lynx data},
	Volume = {24},
	Year = {2005}}

@misc{mho,
	Author = {Yang, Xin-She},
	Date-Added = {2019-02-06 23:00:03 +0100},
	Date-Modified = {2019-02-12 17:35:16 +0100},
	Title = {Metaheuristic Optimization},
	Url = {"http://www.scholarpedia.org/article/Metaheuristic_Optimization"},
	Year = {2011},
	Bdsk-Url-1 = {http://www.scholarpedia.org/article/Metaheuristic_Optimization}}

@misc{arima,
	Author = {Nau, Robert},
	Date-Added = {2019-02-06 22:49:54 +0100},
	Date-Modified = {2019-02-09 23:41:21 +0100},
	Lastchecked = {2019},
	Title = {ARIMA models for time series forecasting},
	Url = {https://people.duke.edu/~rnau/411arim.htm},
	Year = {2019},
	Bdsk-Url-1 = {https://people.duke.edu/~rnau/411arim.htm}}

@book{box2015time,
	Author = {Box, George EP and Jenkins, Gwilym M and Reinsel, Gregory C and Ljung, Greta M},
	Date-Added = {2019-02-06 21:55:28 +0100},
	Date-Modified = {2019-02-14 17:11:52 +0100},
	Publisher = {John Wiley and Sons},
	Title = {Time series analysis: forecasting and control},
	Year = {2015}}

@article{petricua2016limitation,
	Author = {Petricua, Andreea-Cristina and Stancu, Stelian and Tindeche, Alexandru},
	Date-Added = {2019-01-22 13:12:02 +0100},
	Date-Modified = {2019-02-14 17:13:23 +0100},
	Journal = {Theoretical and Applied Economics},
	Number = {4},
	Title = {Limitation of ARIMA models in financial and monetary economics.},
	Volume = {23},
	Year = {2016}}

@article{ref_hornik,
	Author = {Hornik, Kurt and Stinchcombe, Maxwell and White, Halbert},
	Date-Added = {2019-01-02 02:58:33 +0100},
	Date-Modified = {2019-01-02 02:58:45 +0100},
	Journal = {Neural networks},
	Number = {5},
	Pages = {551--560},
	Publisher = {Pergamon},
	Title = {Universal approximation of an unknown mapping and its derivatives using multilayer feedforward networks},
	Volume = {3},
	Year = {1990}}

@article{ref_rumelhart,
	Author = {Rumelhart, David E and Hinton, Geoffrey E and Williams, Ronald J},
	Date-Added = {2019-01-02 02:58:00 +0100},
	Date-Modified = {2019-01-02 02:58:12 +0100},
	Journal = {nature},
	Number = {6088},
	Pages = {533},
	Publisher = {Nature Publishing Group},
	Title = {Learning representations by back-propagating errors},
	Volume = {323},
	Year = {1986}}

@article{ref_zhang2,
	Author = {Zhang, Guoqiang and Patuwo, B Eddy and Hu, Michael Y},
	Date-Added = {2019-01-02 02:57:22 +0100},
	Date-Modified = {2019-01-02 02:57:35 +0100},
	Journal = {International journal of forecasting},
	Number = {1},
	Pages = {35--62},
	Publisher = {Elsevier},
	Title = {Forecasting with artificial neural networks:: The state of the art},
	Volume = {14},
	Year = {1998}}

@article{ref_mckenzie,
	Author = {McKenzie, ED},
	Date-Added = {2019-01-02 02:55:58 +0100},
	Date-Modified = {2019-01-02 02:56:12 +0100},
	Journal = {Journal of Forecasting},
	Number = {3},
	Pages = {333--344},
	Publisher = {Wiley Online Library},
	Title = {General exponential smoothing and the equivalent ARMA process},
	Volume = {3},
	Year = {1984}}

@article{ref_ramesh,
	Author = {Ramesh, S and Krishnan, A},
	Date-Added = {2019-01-02 02:53:43 +0100},
	Date-Modified = {2019-01-02 02:53:58 +0100},
	Journal = {Int J Electr Power Eng},
	Number = {1},
	Pages = {26--30},
	Title = {Modified genetic algorithm based load frequency controller for interconnected power system},
	Volume = {3},
	Year = {2009}}

@inproceedings{ref_thieu,
	Author = {Nguyen, Thieu and Tran, Nhuan and Nguyen, Binh Minh and Nguyen, Giang},
	Booktitle = {The 11th IEEE International Conference on Service-Oriented Computing and Applications (SOCA'2018)},
	Date-Added = {2019-01-02 02:49:19 +0100},
	Date-Modified = {2019-01-02 02:53:06 +0100},
	Pages = {49-56},
	Publisher = {IEEE},
	Title = {A Resource Usage Prediction System Using Functional-link and Genetic Algorithm Neural Network for Multivariate Cloud Metrics},
	Year = {2018}}

@article{ref_karegowda,
	Author = {Karegowda, Asha Gowda and Manjunath, AS and Jayaram, MA},
	Date-Added = {2019-01-02 02:48:43 +0100},
	Date-Modified = {2019-01-02 02:48:56 +0100},
	Journal = {International Journal on Soft Computing},
	Number = {2},
	Pages = {15--23},
	Publisher = {Citeseer},
	Title = {Application of genetic algorithm optimized neural network connection weights for medical diagnosis of pima Indians diabetes},
	Volume = {2},
	Year = {2011}}

@article{ref_magnier,
	Author = {Magnier, Laurent and Haghighat, Fariborz},
	Date-Added = {2019-01-02 02:48:04 +0100},
	Date-Modified = {2019-01-02 02:48:17 +0100},
	Journal = {Building and Environment},
	Number = {3},
	Pages = {739--746},
	Publisher = {Elsevier},
	Title = {Multiobjective optimization of building design using TRNSYS simulations, genetic algorithm, and Artificial Neural Network},
	Volume = {45},
	Year = {2010}}

@article{ref_kim,
	Author = {Kim, Hyun-jung and Shin, Kyung-shik},
	Date-Added = {2019-01-02 02:47:21 +0100},
	Date-Modified = {2019-01-02 02:47:36 +0100},
	Journal = {Applied Soft Computing},
	Number = {2},
	Pages = {569--576},
	Publisher = {Elsevier},
	Title = {A hybrid approach based on neural networks and genetic algorithms for detecting temporal patterns in stock markets},
	Volume = {7},
	Year = {2007}}

@article{ref_cook,
	Author = {Cook, Deborah F and Ragsdale, Cliff T and Major, RL},
	Date-Added = {2019-01-02 02:46:46 +0100},
	Date-Modified = {2019-01-02 02:46:59 +0100},
	Journal = {Engineering applications of artificial intelligence},
	Number = {4},
	Pages = {391--396},
	Publisher = {Elsevier},
	Title = {Combining a neural network with a genetic algorithm for process parameter optimization},
	Volume = {13},
	Year = {2000}}

@article{ref_whitley,
	Author = {Whitley, Darrell and Starkweather, Timothy and Bogart, Christopher},
	Date-Added = {2019-01-02 02:46:08 +0100},
	Date-Modified = {2019-01-02 02:46:23 +0100},
	Journal = {Parallel computing},
	Number = {3},
	Pages = {347--361},
	Publisher = {Elsevier},
	Title = {Genetic algorithms and neural networks: Optimizing connections and connectivity},
	Volume = {14},
	Year = {1990}}

@inproceedings{ref_montana,
	Author = {Montana, David J and Davis, Lawrence},
	Booktitle = {IJCAI},
	Date-Added = {2019-01-02 02:45:25 +0100},
	Date-Modified = {2019-01-02 02:45:42 +0100},
	Pages = {762--767},
	Title = {Training Feedforward Neural Networks Using Genetic Algorithms.},
	Volume = {89},
	Year = {1989}}

@book{ref_holland,
	Author = {Holland, John Henry},
	Date-Added = {2019-01-02 02:44:42 +0100},
	Date-Modified = {2019-01-02 02:45:02 +0100},
	Publisher = {MIT press},
	Title = {Adaptation in natural and artificial systems: an introductory analysis with applications to biology, control, and artificial intelligence},
	Year = {1992}}

@misc{ref_time,
	Author = {Eugenio Culurciello},
	Date-Added = {2019-01-02 02:40:06 +0100},
	Date-Modified = {2019-01-02 02:41:00 +0100},
	Howpublished = {Medium},
	Month = {4},
	Title = {The fall of RNN / LSTM},
	Url = {https://towardsdatascience.com/the-fall-of-rnn-lstm-2d1594c74ce0},
	Year = {2018},
	Bdsk-Url-1 = {https://towardsdatascience.com/the-fall-of-rnn-lstm-2d1594c74ce0}}

@misc{ref_hardware,
	Author = {Eugenio Culurciello},
	Date-Added = {2019-01-02 02:37:27 +0100},
	Date-Modified = {2019-01-02 02:38:36 +0100},
	Howpublished = {Medium},
	Month = {5},
	Title = {Computation and memory bandwidth in deep neural networks},
	Url = {https://medium.com/@culurciello/computation-and-memory-bandwidth-in-deep-neural-networks-16cbac63ebd5},
	Year = {2017},
	Bdsk-Url-1 = {https://medium.com/@culurciello/computation-and-memory-bandwidth-in-deep-neural-networks-16cbac63ebd5}}

@article{ref_nhuan,
	Author = {Tran, Nhuan and Nguyen, Thang and Nguyen, Binh Minh and Nguyen, Giang},
	Date-Added = {2019-01-02 02:36:09 +0100},
	Date-Modified = {2019-01-02 02:36:28 +0100},
	Journal = {Procedia Computer Science},
	Pages = {636--645},
	Publisher = {Elsevier},
	Title = {A Multivariate Fuzzy Time Series Resource Forecast Model for Clouds using LSTM and Data Correlation Analysis},
	Volume = {126},
	Year = {2018}}

@article{ref_azzouni,
	Author = {Azzouni, Abdelhadi and Pujolle, Guy},
	Date-Added = {2019-01-02 02:35:30 +0100},
	Date-Modified = {2019-01-02 02:35:44 +0100},
	Journal = {arXiv preprint arXiv:1705.05690},
	Title = {A long short-term memory recurrent neural network framework for network traffic matrix prediction},
	Year = {2017}}

@article{ref_zhao,
	Author = {Zhao, Zheng and Chen, Weihai and Wu, Xingming and Chen, Peter CY and Liu, Jingmeng},
	Date-Added = {2019-01-02 02:34:49 +0100},
	Date-Modified = {2019-01-02 02:35:01 +0100},
	Journal = {IET Intelligent Transport Systems},
	Number = {2},
	Pages = {68--75},
	Publisher = {IET},
	Title = {LSTM network: a deep learning approach for short-term traffic forecast},
	Volume = {11},
	Year = {2017}}

@inproceedings{ref_titan,
	Author = {Tian, Yongxue and Pan, Li},
	Booktitle = {Smart City/SocialCom/SustainCom (SmartCity), 2015 IEEE International Conference on},
	Date-Added = {2019-01-02 02:34:14 +0100},
	Date-Modified = {2019-01-02 02:34:27 +0100},
	Organization = {IEEE},
	Pages = {153--158},
	Title = {Predicting short-term traffic flow by long short-term memory recurrent neural network},
	Year = {2015}}

@article{ref_hochreiter,
	Author = {Hochreiter, Sepp and Schmidhuber, J{\"u}rgen},
	Date-Added = {2019-01-02 02:24:36 +0100},
	Date-Modified = {2019-01-02 02:24:55 +0100},
	Journal = {Neural computation},
	Number = {8},
	Pages = {1735--1780},
	Publisher = {MIT Press},
	Title = {Long short-term memory},
	Volume = {9},
	Year = {1997}}

@article{ref_gency,
	Author = {Gencay, Ramazan and Liu, Tung},
	Date-Added = {2019-01-02 02:22:48 +0100},
	Date-Modified = {2019-02-14 17:13:47 +0100},
	Journal = {Physica D: Nonlinear Phenomena},
	Number = {1-2},
	Pages = {119--134},
	Publisher = {Elsevier},
	Title = {Nonlinear modelling and prediction with feedforward and recurrent networks},
	Volume = {108},
	Year = {1997}}

@article{ref_saha,
	Author = {Saha, Sudipto and Raghava, GPS},
	Date-Added = {2019-01-02 02:19:55 +0100},
	Date-Modified = {2019-01-02 02:20:07 +0100},
	Journal = {Proteins: Structure, Function, and Bioinformatics},
	Number = {1},
	Pages = {40--48},
	Publisher = {Wiley Online Library},
	Title = {Prediction of continuous B-cell epitopes in an antigen using recurrent neural network},
	Volume = {65},
	Year = {2006}}

@article{ref_han,
	Author = {Han, Min and Xi, Jianhui and Xu, Shiguo and Yin, Fu-Liang},
	Date-Added = {2019-01-02 02:19:16 +0100},
	Date-Modified = {2019-01-02 02:19:29 +0100},
	Journal = {IEEE transactions on signal processing},
	Number = {12},
	Pages = {3409--3416},
	Publisher = {IEEE},
	Title = {Prediction of chaotic time series based on the recurrent predictor neural network},
	Volume = {52},
	Year = {2004}}

@article{ref_kalaitzakis,
	Author = {Kalaitzakis, K and Stavrakakis, GS and Anagnostakis, EM},
	Date-Added = {2019-01-02 02:18:38 +0100},
	Date-Modified = {2019-01-02 02:18:52 +0100},
	Journal = {Electric Power Systems Research},
	Number = {3},
	Pages = {185--196},
	Publisher = {Elsevier},
	Title = {Short-term load forecasting based on artificial neural networks parallel implementation},
	Volume = {63},
	Year = {2002}}

@article{ref_pollastri,
	Author = {Pollastri, Gianluca and Przybylski, Darisz and Rost, Burkhard and Baldi, Pierre},
	Date-Added = {2019-01-02 02:18:01 +0100},
	Date-Modified = {2019-01-02 02:18:16 +0100},
	Journal = {Proteins: Structure, Function, and Bioinformatics},
	Number = {2},
	Pages = {228--235},
	Publisher = {Wiley Online Library},
	Title = {Improving the prediction of protein secondary structure in three and eight classes using recurrent neural networks and profiles},
	Volume = {47},
	Year = {2002}}

@article{ref_petrosian,
	Author = {Petrosian, Arthur and Prokhorov, Danil and Homan, Richard and Dasheiff, Richard and Wunsch II, Donald},
	Date-Added = {2019-01-02 02:17:20 +0100},
	Date-Modified = {2019-01-02 02:17:35 +0100},
	Journal = {Neurocomputing},
	Number = {1-4},
	Pages = {201--218},
	Publisher = {Elsevier},
	Title = {Recurrent neural network based prediction of epileptic seizures in intra-and extracranial EEG},
	Volume = {30},
	Year = {2000}}

@article{ref_saad,
	Author = {Saad, Emad W and Prokhorov, Danil V and Wunsch, Donald C},
	Date-Added = {2019-01-02 02:16:34 +0100},
	Date-Modified = {2019-01-02 02:16:47 +0100},
	Journal = {IEEE Transactions on neural networks},
	Number = {6},
	Pages = {1456--1470},
	Publisher = {IEEE},
	Title = {Comparative study of stock trend prediction using time delay, recurrent and probabilistic neural networks},
	Volume = {9},
	Year = {1998}}

@article{ref_connor,
	Author = {Connor, Jerome T and Martin, R Douglas and Atlas, Les E},
	Date-Added = {2019-01-02 02:15:56 +0100},
	Date-Modified = {2019-01-02 02:16:08 +0100},
	Journal = {IEEE transactions on neural networks},
	Number = {2},
	Pages = {240--254},
	Publisher = {IEEE},
	Title = {Recurrent neural networks and robust time series prediction},
	Volume = {5},
	Year = {1994}}

@article{ref_xiaolei,
	Author = {Ma, Xiaolei and Tao, Zhimin and Wang, Yinhai and Yu, Haiyang and Wang, Yunpeng},
	Date-Added = {2019-01-02 02:15:16 +0100},
	Date-Modified = {2019-01-02 02:15:31 +0100},
	Journal = {Transportation Research Part C: Emerging Technologies},
	Pages = {187--197},
	Publisher = {Elsevier},
	Title = {Long short-term memory neural network for traffic speed prediction using remote microwave sensor data},
	Volume = {54},
	Year = {2015}}

@inproceedings{ref_Salcedo,
	Author = {Salcedo-Sanz, Sancho and Camacho-G{\'o}mez, Carlos and Molina, D and Herrera, Francisco},
	Booktitle = {2016 IEEE Congress on Evolutionary Computation (CEC)},
	Date-Added = {2019-01-02 02:10:34 +0100},
	Date-Modified = {2019-01-02 02:10:49 +0100},
	Organization = {IEEE},
	Pages = {3574--3581},
	Title = {A Coral Reefs Optimization algorithm with substrate layers and local search for large scale global optimization},
	Year = {2016}}

@inproceedings{ref_google_trace,
	Author = {Reiss, Charles and Tumanov, Alexey and Ganger, Gregory R and Katz, Randy H and Kozuch, Michael A},
	Booktitle = {Proceedings of the Third ACM Symposium on Cloud Computing},
	Date-Added = {2019-01-02 02:09:56 +0100},
	Date-Modified = {2019-01-02 02:10:07 +0100},
	Organization = {ACM},
	Pages = {7},
	Title = {Heterogeneity and dynamicity of clouds at scale: Google trace analysis},
	Year = {2012}}

@article{reiss2011google,
	Author = {Reiss, Charles and Wilkes, John and Hellerstein, Joseph L},
	Date-Added = {2019-01-02 02:08:15 +0100},
	Date-Modified = {2019-01-02 02:08:15 +0100},
	Journal = {Google Inc., White Paper},
	Pages = {1--14},
	Title = {Google cluster-usage traces: format+ schema},
	Year = {2011}}

@article{ref_cortez,
	Author = {Cortez, Paulo and Rio, Miguel and Rocha, Miguel and Sousa, Pedro},
	Date-Added = {2019-01-02 02:05:51 +0100},
	Date-Modified = {2019-01-02 02:06:04 +0100},
	Journal = {Expert Systems},
	Number = {2},
	Pages = {143--155},
	Publisher = {Wiley Online Library},
	Title = {Multi-scale Internet traffic forecasting using neural networks and time series methods},
	Volume = {29},
	Year = {2012}}

@inproceedings{ref_Tizhoosh,
	Author = {Tizhoosh, Hamid R},
	Booktitle = {Computational intelligence for modelling, control and automation, 2005 and international conference on intelligent agents, web technologies and internet commerce, international conference on},
	Date-Added = {2019-01-02 02:03:03 +0100},
	Date-Modified = {2019-01-02 02:03:15 +0100},
	Organization = {IEEE},
	Pages = {695--701},
	Title = {Opposition-based learning: a new scheme for machine intelligence},
	Volume = {1},
	Year = {2005}}

@article{ref_ficco,
	Author = {Ficco, Massimo and Esposito, Christian and Palmieri, Francesco and Castiglione, Aniello},
	Date-Added = {2019-01-02 02:02:21 +0100},
	Date-Modified = {2019-01-02 02:02:31 +0100},
	Journal = {Future Generation Computer Systems},
	Pages = {343--352},
	Publisher = {Elsevier},
	Title = {A coral-reefs and game theory-based approach for optimizing elastic cloud resource allocation},
	Volume = {78},
	Year = {2018}}

@article{ref_li,
	Author = {Li, Ming and Miao, Chunyan and Leung, Cyril},
	Date-Added = {2019-01-02 02:01:42 +0100},
	Date-Modified = {2019-01-02 02:01:54 +0100},
	Journal = {Sensors},
	Number = {12},
	Pages = {30617--30635},
	Publisher = {Multidisciplinary Digital Publishing Institute},
	Title = {A coral reef algorithm based on learning automata for the coverage control problem of heterogeneous directional sensor networks},
	Volume = {15},
	Year = {2015}}

@article{ref_salcedo_sanz5,
	Author = {Salcedo-Sanz, S and Pastor-Sanchez, A and Prieto, L and Blanco-Aguilera, A and Garcia-Herrera, R},
	Date-Added = {2019-01-02 02:00:52 +0100},
	Date-Modified = {2019-02-14 17:16:42 +0100},
	Journal = {Energy Conversion and Management},
	Pages = {10--18},
	Publisher = {Elsevier},
	Title = {Feature selection in wind speed prediction systems based on a hybrid coral reefs optimization--Extreme learning machine approach},
	Volume = {87},
	Year = {2014}}

@article{ref_salcedo_sanz4,
	Author = {Salcedo-Sanz, Sancho and Pastor-S{\'a}nchez, Alvaro and Del Ser, Javier and Prieto, Luis and Geem, Zong-Woo},
	Date-Added = {2019-01-02 01:59:53 +0100},
	Date-Modified = {2019-01-02 02:00:19 +0100},
	Journal = {Renewable Energy},
	Pages = {93--101},
	Publisher = {Elsevier},
	Title = {A coral reefs optimization algorithm with harmony search operators for accurate wind speed prediction},
	Volume = {75},
	Year = {2015}}

@article{ref_salcedo_sanz3,
	Author = {Salcedo-Sanz, S and Gallo-Marazuela, D and Pastor-Sanchez, A and Carro-Calvo, L and Portilla-Figueras, A and Prieto, L},
	Date-Added = {2019-01-02 01:59:14 +0100},
	Date-Modified = {2019-02-14 17:16:10 +0100},
	Journal = {Renewable Energy},
	Pages = {109--115},
	Publisher = {Elsevier},
	Title = {Offshore wind farm design with the Coral Reefs Optimization algorithm},
	Volume = {63},
	Year = {2014}}

@article{ref_salcedo_sanz2,
	Author = {Salcedo-Sanz, S and Casanova-Mateo, C and Pastor-Sanchez, A and Sanchez-Giron, M},
	Date-Added = {2019-01-02 01:58:31 +0100},
	Date-Modified = {2019-02-14 17:16:02 +0100},
	Journal = {Solar Energy},
	Pages = {91--98},
	Publisher = {Elsevier},
	Title = {Daily global solar radiation prediction based on a hybrid Coral Reefs Optimization--Extreme Learning Machine approach},
	Volume = {105},
	Year = {2014}}

@article{ref_salcedo_sanz1,
	Author = {Salcedo-Sanz, S and Del Ser, J and Landa-Torres, I and Gil-L{\'o}pez, S and Portilla-Figueras, JA},
	Date-Added = {2019-01-02 01:57:37 +0100},
	Date-Modified = {2019-01-02 01:58:02 +0100},
	Journal = {The Scientific World Journal},
	Publisher = {Hindawi},
	Title = {The coral reefs optimization algorithm: a novel metaheuristic for efficiently solving optimization problems},
	Volume = {2014},
	Year = {2014}}

@article{ref_hocaoglu,
	Author = {Hocaoglu, Fatih O and Gerek, Omer N and Kurban, Mehmet},
	Date-Added = {2019-01-02 01:42:44 +0100},
	Date-Modified = {2019-02-14 17:14:23 +0100},
	Journal = {Solar energy},
	Number = {8},
	Pages = {714--726},
	Publisher = {Elsevier},
	Title = {Hourly solar radiation forecasting using optimal coefficient 2-D linear filters and feed-forward neural networks},
	Volume = {82},
	Year = {2008}}

@article{ref_enke,
	Author = {Enke, David and Thawornwong, Suraphan},
	Date-Added = {2019-01-02 01:42:01 +0100},
	Date-Modified = {2019-01-02 01:53:21 +0100},
	Journal = {Expert Systems with applications},
	Number = {4},
	Pages = {927--940},
	Publisher = {Elsevier},
	Title = {The use of data mining and neural networks for forecasting stock market returns},
	Volume = {29},
	Year = {2005}}

@article{ref_zhang,
	Author = {Zhang, Gioqinang and Hu, Michael Y},
	Date-Added = {2019-01-02 01:41:15 +0100},
	Date-Modified = {2019-01-02 01:53:09 +0100},
	Journal = {Omega},
	Number = {4},
	Pages = {495--506},
	Publisher = {Elsevier},
	Title = {Neural network forecasting of the British pound/US dollar exchange rate},
	Volume = {26},
	Year = {1998}}

@article{ref_raman,
	Author = {Raman, H and Sunilkumar, N},
	Date-Added = {2019-01-02 01:40:11 +0100},
	Date-Modified = {2019-01-02 01:52:56 +0100},
	Journal = {Hydrological Sciences Journal},
	Number = {2},
	Pages = {145--163},
	Publisher = {Taylor \& Francis},
	Title = {Multivariate modelling of water resources time series using artificial neural networks},
	Volume = {40},
	Year = {1995}}

@article{ref_kaastra,
	Author = {Kaastra, Iebeling and Boyd, Milton},
	Date-Added = {2019-01-02 01:39:32 +0100},
	Date-Modified = {2019-01-02 01:52:41 +0100},
	Journal = {Neurocomputing},
	Number = {3},
	Pages = {215--236},
	Publisher = {Elsevier},
	Title = {Designing a neural network for forecasting financial and economic time series},
	Volume = {10},
	Year = {1996}}

@article{ref_srinivasan,
	Author = {Srinivasan, Dipti and Liew, AC and Chang, CS},
	Date-Added = {2019-01-02 01:38:21 +0100},
	Date-Modified = {2019-01-02 01:52:27 +0100},
	Journal = {Electric Power Systems Research},
	Number = {3},
	Pages = {227--234},
	Publisher = {Elsevier},
	Title = {A neural network short-term load forecaster},
	Volume = {28},
	Year = {1994}}

@article{ref_yan2012,
	Author = {Yan, Xiaohui and Zhu, Yunlong and Zhang, Hao and Chen, Hanning and Niu, Ben},
	Journal = {Discrete Dynamics in Nature and Society},
	Publisher = {Hindawi},
	Title = {An adaptive bacterial foraging optimization algorithm with lifecycle and social learning},
	Volume = {2012},
	Year = {2012}}

@article{ref_passino2002,
	Author = {Passino, Kevin M},
	Journal = {IEEE control systems},
	Number = {3},
	Pages = {52--67},
	Publisher = {IEEE},
	Title = {Biomimicry of bacterial foraging for distributed optimization and control},
	Volume = {22},
	Year = {2002}}

@incollection{ref_kennedy2011,
	Author = {Kennedy, James},
	Booktitle = {Encyclopedia of machine learning},
	Pages = {760--766},
	Publisher = {Springer},
	Title = {Particle swarm optimization},
	Year = {2011}}

@article{ref_thieu2,
	Author = {Nguyen, Thieu and Nguyen, Binh Minh and Nguyen, Giang},
	Journal = {Lecture Notes in Computer Science 11436},
	Title = {Building Resource Auto-Scaler with Functional-Link Neural Network and Adaptive Bacterial Foraging Optimization},
	Year = {2019}}

@inproceedings{ref_shi2001particle,
	Author = {Shi, Yuhui and others},
	Booktitle = {evolutionary computation, 2001. Proceedings of the 2001 Congress on},
	Organization = {IEEE},
	Pages = {81--86},
	Title = {Particle swarm optimization: developments, applications and resources},
	Volume = {1},
	Year = {2001}}
